@article{dqn1,
  title={Intelligent routing method based on Dueling DQN reinforcement learning and network traffic state prediction in SDN},
  author={Huang, Linqiang and Ye, Miao and Xue, Xingsi and Wang, Yong and Qiu, Hongbing and Deng, Xiaofang},
  journal={Wireless Networks},
  pages={1--19},
  year={2022},
  publisher={Springer}
}

@INPROCEEDINGS{dqn2,
  author={Ye, Hao and Li, Geoffrey Ye},
  booktitle={2018 14th International Wireless Communications & Mobile Computing Conference (IWCMC)}, 
  title={Deep Reinforcement Learning based Distributed Resource Allocation for V2V Broadcasting}, 
  year={2018},
  volume={},
  number={},
  pages={440-445},
  keywords={Resource management;Interference;Receivers;Machine learning;Vehicular ad hoc networks;Learning (artificial intelligence);Processor scheduling;Deep Reinforcement Learning;V2V Communication;Resource Allocation},
  doi={10.1109/IWCMC.2018.8450518}}

@INPROCEEDINGS{ppo1,
  author={Zhang, Haijun and Liu, Xiangnan and Long, Keping and Poor, H. Vincent},
  booktitle={2021 IEEE Global Communications Conference (GLOBECOM)}, 
  title={Primal Dual PPO Learning Resource Allocation in Indoor IRS-Aided Networks}, 
  year={2021},
  volume={},
  number={},
  pages={1-6},
  keywords={Wireless communication;Training;NOMA;Schedules;Simulation;Bandwidth;Reinforcement learning},
  doi={10.1109/GLOBECOM46510.2021.9685203}}

@inbook{ppo2,
author = {Zhang, Wenxin and Ma, Yaofei},
year = {2022},
month = {09},
pages = {563-572},
title = {Graph Influence Maximization Algorithm Based on Reinforcement Learning-PPO Algorithm},
isbn = {978-981-19-6202-8},
doi = {10.1007/978-981-19-6203-5_55}
}